<record><leader>00000cas a2200000 a 4500</leader><controlfield tag="001">12071737</controlfield><controlfield tag="008">850523d186819uuiluwr ne      0   a0eng c</controlfield><datafield ind1=" " ind2=" " tag="010"><subfield code="a">sn 85033593 </subfield></datafield><datafield ind1=" " ind2=" " tag="040"><subfield code="a">NPU</subfield><subfield code="b">eng</subfield><subfield code="c">NPU</subfield><subfield code="d">NVF</subfield><subfield code="d">OCL</subfield><subfield code="d">NVF</subfield><subfield code="d">OCLCF</subfield><subfield code="d">NVF</subfield><subfield code="d">OCLCO</subfield></datafield><datafield ind1="1" ind2=" " tag="029"><subfield code="a">AU@</subfield><subfield code="b">000020234378</subfield></datafield><datafield ind1=" " ind2=" " tag="042"><subfield code="a">pcc</subfield></datafield><datafield ind1=" " ind2=" " tag="043"><subfield code="a">n-us-il</subfield></datafield><datafield ind1="0" ind2="4" tag="245"><subfield code="a">The Effingham Democrat.</subfield></datafield><datafield ind1="1" ind2=" " tag="246"><subfield code="i">Published as:</subfield><subfield code="a">Effingham weekly Democrat</subfield><subfield code="f">Aug. 25, 1899-Mar. 30, 1900</subfield></datafield><datafield ind1="1" ind2="3" tag="246"><subfield code="a">Weekly Effingham Democrat</subfield></datafield><datafield ind1=" " ind2=" " tag="260"><subfield code="a">Effingham, Ill. :</subfield><subfield code="b">H.C. Bradsby</subfield></datafield><datafield ind1=" " ind2=" " tag="300"><subfield code="a">v.</subfield></datafield><datafield ind1=" " ind2=" " tag="310"><subfield code="a">Weekly</subfield></datafield><datafield ind1="1" ind2=" " tag="362"><subfield code="a">Began in 1868?</subfield></datafield><datafield ind1=" " ind2=" " tag="500"><subfield code="a">"Weekly" appears above masthead ornament, Aug. 25, 1899-Mar. 30, 1900.</subfield></datafield><datafield ind1=" " ind2=" " tag="588"><subfield code="a">Description based on: Vol. 3, no. 3 (Apr. 14, 1870).</subfield></datafield><datafield ind1=" " ind2=" " tag="588"><subfield code="a">Latest issue consulted: July 6, 1933.</subfield></datafield><datafield ind1=" " ind2="0" tag="651"><subfield code="a">Effingham (Ill.)</subfield><subfield code="v">Newspapers.</subfield></datafield><datafield ind1=" " ind2="7" tag="651"><subfield code="a">Illinois</subfield><subfield code="z">Effingham.</subfield><subfield code="2">fast</subfield><subfield code="0">(OCoLC)fst01217735</subfield></datafield><datafield ind1=" " ind2="7" tag="655"><subfield code="a">Newspapers.</subfield><subfield code="2">fast</subfield><subfield code="0">(OCoLC)fst01423814</subfield></datafield><datafield ind1=" " ind2=" " tag="752"><subfield code="a">United States</subfield><subfield code="b">Illinois</subfield><subfield code="c">Effingham</subfield><subfield code="d">Effingham.</subfield></datafield><datafield ind1="0" ind2=" " tag="775"><subfield code="t">Effingham daily Democrat</subfield><subfield code="w">(DLC)sn 90054222</subfield><subfield code="w">(OCoLC)22976370</subfield></datafield></record>